@book{LynnVanhanen2012,
  title={IQ and the Wealth of Nations},
  author={Lynn, Richard and Vanhanen, Tatu},
  year={2012},
  publisher={Praeger}
}

@book{Rindermann2018,
  title={Cognitive Capitalism: Human Capital and the Wellbeing of Nations},
  author={Rindermann, Heiner},
  year={2018},
  publisher={Cambridge University Press}
}

@article{flynn2012are,
  title={Are we getting smarter? Rising IQ in the twenty-first century},
  author={Flynn, James R},
  year={2012},
  publisher={Cambridge University Press}
}

@article{cole1995cultural,
  title={Cultural-historical psychology: A meso-genetic approach},
  author={Cole, Michael},
  journal={The handbook of education and human development: New models of learning, teaching and schooling},
  pages={326-353},
  year={1995},
  publisher={Blackwell}
}

@book{terman1916measurement,
  title={The measurement of intelligence: An explanation of and a complete guide for the use of the Stanford revision and extension of the Binet-Simon intelligence scale},
  author={Terman, Lewis M},
  year={1916},
  publisher={Houghton Mifflin}
}

@article{spearman1904general,
  title={"General intelligence" objectively determined and measured},
  author={Spearman, Charles},
  journal={The American Journal of Psychology},
  volume={15},
  number={2},
  pages={201-293},
  year={1904},
  publisher={JSTOR}
}

@article{neisser1996intelligence,
  title={Intelligence: Knowns and unknowns},
  author={Neisser, Ulric and others},
  journal={American Psychologist},
  volume={51},
  number={2},
  pages={77},
  year={1996},
  publisher={American Psychological Association}
}
